<?xml version="1.0" encoding="utf-8"?>
<record xmlns="http://www.loc.gov/MARC21/slim" xmlns:xsi="http://www.w3.org/2001/XMLSchema-instance" xsi:schemaLocation="http://www.loc.gov/MARC21/slim http://www.loc.gov/standards/marcxml/schema/MARC21slim.xsd">
	<leader>     nam a22        4500</leader>
	<controlfield tag="001">b12615973</controlfield>
	<controlfield tag="003">LeBAU</controlfield>
	<controlfield tag="006">m        d        </controlfield>
	<controlfield tag="007">cr cn |||m|||a</controlfield>
	<controlfield tag="008">161214s1929    le abc  ob    ||1 0 ara d</controlfield>
	<datafield ind1=" " ind2=" " tag="040">
		<subfield code="a">NNU</subfield>
		<subfield code="b">ara</subfield>
		<subfield code="e">rda</subfield>
		<subfield code="c">NNU</subfield>
	</datafield>
	<datafield ind1=" " ind2="4" tag="050">
		<subfield code="a">DS244</subfield>
		<subfield code="b">.R5 1929</subfield>
	</datafield>
	<datafield ind1="0" ind2="4" tag="082">
		<subfield code="a">915.3</subfield>
		<subfield code="2">22</subfield>
	</datafield>
	<datafield ind1="1" ind2=" " tag="100">
		<subfield code="6">880-01</subfield>
		<subfield code="a">Rīḥānī, Amīn,</subfield>
		<subfield code="d">1876-1940,</subfield>
		<subfield code="e">author.</subfield>
	</datafield>
	<datafield ind1="1" ind2="0" tag="245">
		<subfield code="6">880-02</subfield>
		<subfield code="a">Mulūk al-ʻArab, aw, Riḥlah fī al-bilād al-‘Arabīyah :</subfield>
		<subfield code="b">tashtamilu ʻalá muqaddimah wa-thamāniyat aqsām /</subfield>
		<subfield code="c">ta’līf Amīn al-Rīḥānī.</subfield>
	</datafield>
	<datafield ind1="3" ind2="0" tag="246">
		<subfield code="6">880-03</subfield>
		<subfield code="a">Riḥlah fī al-bilād al-‘Arabīyah :</subfield>
		<subfield code="b">tashtamilu ʻalá muqaddimah wa-thamāniyat aqsām</subfield>
	</datafield>
	<datafield ind1=" " ind2=" " tag="250">
		<subfield code="6">880-04</subfield>
		<subfield code="a">al-Ṭabʻah al-thāniyah.</subfield>
	</datafield>
	<datafield ind1=" " ind2="1" tag="264">
		<subfield code="6">880-05</subfield>
		<subfield code="a">Bayrūt :</subfield>
		<subfield code="b">al-Maṭba‘ah al-‘Ilmīyah,</subfield>
		<subfield code="c">1929.</subfield>
	</datafield>
	<datafield ind1=" " ind2=" " tag="300">
		<subfield code="6">880-06</subfield>
		<subfield code="a">online resource (2 volumes) :</subfield>
		<subfield code="b">illustrations, maps, portraits</subfield>
	</datafield>
	<datafield ind1=" " ind2=" " tag="336">
		<subfield code="a">text</subfield>
		<subfield code="2">rdacontent</subfield>
	</datafield>
	<datafield ind1=" " ind2=" " tag="337">
		<subfield code="a">computer</subfield>
		<subfield code="2">rdamedia</subfield>
	</datafield>
	<datafield ind1=" " ind2=" " tag="338">
		<subfield code="a">online resource</subfield>
		<subfield code="2">rdacarrier</subfield>
	</datafield>
	<datafield ind1=" " ind2=" " tag="500">
		<subfield code="a">Part of the Arabic Collections Online (ACO) project, contributed by American University of Beirut's Jafet Memorial Library.</subfield>
	</datafield>
	<datafield ind1=" " ind2=" " tag="533">
		<subfield code="a">Electronic reproduction.</subfield>
		<subfield code="b">New York, N.Y. :</subfield>
		<subfield code="c">New York University,</subfield>
		<subfield code="d">2016.</subfield>
		<subfield code="5">NNU</subfield>
	</datafield>
	<datafield ind1=" " ind2="0" tag="651">
		<subfield code="6">880-07</subfield>
		<subfield code="a">Arabian Peninsula</subfield>
		<subfield code="x">Description and travel.</subfield>
	</datafield>
	<datafield ind1=" " ind2="0" tag="651">
		<subfield code="6">880-08</subfield>
		<subfield code="a">Arabian Peninsula</subfield>
		<subfield code="x">Politics and government.</subfield>
	</datafield>
	<datafield ind1="2" ind2=" " tag="710">
		<subfield code="a">Jafet Memorial Library.</subfield>
	</datafield>
	<datafield ind1="0" ind2=" " tag="730">
		<subfield code="a">Arabic Collections Online.</subfield>
	</datafield>
	<datafield ind1="0" ind2=" " tag="775">
		<subfield code="6">880-09</subfield>
		<subfield code="t">Mulūk al-ʻArab, aw, Riḥlah fī al-bilād al-‘Arabīyah</subfield>
		<subfield code="d">Bayrūt : al-Maṭba‘ah al-‘Ilmīyah, 1924</subfield>
		<subfield code="w">(OCoLC)784531541</subfield>
		<subfield code="w">(OCoLC)784531541</subfield>
	</datafield>
	<datafield ind1="0" ind2=" " tag="775">
		<subfield code="6">880-10</subfield>
		<subfield code="t">Mulūk al-ʻArab, aw, Riḥlah fī al-bilād al-‘Arabīyah.</subfield>
		<subfield code="b">third edition</subfield>
		<subfield code="d">Bayrūt : Maṭābi‘ Ṣādir Rīḥānī, 1951</subfield>
		<subfield code="w">(OCoLC)784531542</subfield>
		<subfield code="w">(OCoLC)784531542</subfield>
	</datafield>
	<datafield ind1="0" ind2="8" tag="776">
		<subfield code="i">Print version:</subfield>
		<subfield code="a">Rīḥānī, Amīn, 1876-1940, author.</subfield>
		<subfield code="t">Mulūk al-ʻArab, aw, Riḥlah fī al-bilād al-‘Arabīyah</subfield>
		<subfield code="w">(LeBAU)b12615973</subfield>
	</datafield>
	<datafield ind1="4" ind2="0" tag="856">
		<subfield code="u">http://hdl.handle.net/2333.1/ht76hjmz</subfield>
	</datafield>
	<datafield ind1="1" ind2=" " tag="880">
		<subfield code="6">100-01/r</subfield>
		<subfield code="a">الريحاني، امين فارس،</subfield>
		<subfield code="d">1876-1940،</subfield>
		<subfield code="e">author.</subfield>
	</datafield>
	<datafield ind1="1" ind2="0" tag="880">
		<subfield code="6">245-02/r</subfield>
		<subfield code="a">ملوك العرب، أو، رحلة في البلاد العربية :</subfield>
		<subfield code="b">تشتمل على مقدمة وثمانية أقسام /</subfield>
		<subfield code="c">تأليف أمين الريحاني.</subfield>
	</datafield>
	<datafield ind1="3" ind2="0" tag="880">
		<subfield code="6">246-03/r</subfield>
		<subfield code="a">رحلة في البلاد العربية تشتمل على مقدمة وثمانية أقسام</subfield>
	</datafield>
	<datafield ind1=" " ind2=" " tag="880">
		<subfield code="6">250-04/r</subfield>
		<subfield code="a">الطبعة الثانية.</subfield>
	</datafield>
	<datafield ind1=" " ind2="1" tag="880">
		<subfield code="6">264-05/r</subfield>
		<subfield code="a">بيروت :</subfield>
		<subfield code="b">المطبعة العلمية،</subfield>
		<subfield code="c">1929.</subfield>
	</datafield>
	<datafield ind1=" " ind2=" " tag="880">
		<subfield code="6">300-06/r</subfield>
		<subfield code="a">2 جزء :</subfield>
		<subfield code="b">مصورات، خرائط، صور شخصانية ؛</subfield>
		<subfield code="c">22 سم</subfield>
	</datafield>
	<datafield ind1=" " ind2=" " tag="880">
		<subfield code="6">500-00/r</subfield>
		<subfield code="a">الجزؤ الثاني، النسخة الأولى، طبع في المطبعة العلمية، بيروت، 1925.</subfield>
	</datafield>
	<datafield ind1=" " ind2=" " tag="880">
		<subfield code="6">500-00/r</subfield>
		<subfield code="a">&quot;الطبعة الثانية، وقد صححها المؤلف وزاد في حواشيها&quot;</subfield>
	</datafield>
	<datafield ind1=" " ind2=" " tag="880">
		<subfield code="6">500-00/r</subfield>
		<subfield code="a">&quot;مزينة بالخارطات والرسوم&quot;</subfield>
	</datafield>
	<datafield ind1=" " ind2=" " tag="880">
		<subfield code="6">504-00/r</subfield>
		<subfield code="a">يتضمن مراجع ببليوغرافية وكشافات.</subfield>
	</datafield>
	<datafield ind1="0" ind2="0" tag="880">
		<subfield code="6">505-00/r</subfield>
		<subfield code="t">ملوك العرب، أو، رحلة في البلاد العربية:</subfield>
		<subfield code="g">الجزؤ الأول.</subfield>
		<subfield code="t">الحجاز - اليمن - عسير - الحج والنواحي التسع المحمية --</subfield>
		<subfield code="g">الجزؤ الثاني.</subfield>
		<subfield code="t">سلطنة نجد وملحقاتها، الكويت - البحرين - العراق.</subfield>
	</datafield>
	<datafield ind1=" " ind2="4" tag="880">
		<subfield code="6">651-07/r</subfield>
		<subfield code="a">شبه الجزيرة العربية</subfield>
		<subfield code="x">وصف ورحلات.</subfield>
	</datafield>
	<datafield ind1=" " ind2="4" tag="880">
		<subfield code="6">651-08/r</subfield>
		<subfield code="a">شبه الجزيرة العربية</subfield>
		<subfield code="x">السياسة والحكومة.</subfield>
	</datafield>
	<datafield ind1="0" ind2=" " tag="880">
		<subfield code="6">775-09/r</subfield>
		<subfield code="t">ملوك العرب، أو، رحلة في البلاد العربية</subfield>
		<subfield code="d">بيروت : المطبعة العلمية، 1924</subfield>
		<subfield code="w">b12993049</subfield>
		<subfield code="w">(OCoLC)784531541</subfield>
	</datafield>
	<datafield ind1="0" ind2=" " tag="880">
		<subfield code="6">775-10/r</subfield>
		<subfield code="t">ملوك العرب، أو، رحلة في البلاد العربية</subfield>
		<subfield code="b">الطبعة الثالثة</subfield>
		<subfield code="d">بيروت : مطابع صادر ريحاني، 1951</subfield>
		<subfield code="w">b12993062</subfield>
		<subfield code="w">(OCoLC)784531542</subfield>
	</datafield>
	<datafield ind1=" " ind2=" " tag="959">
		<subfield code="a">NNU</subfield>
		<subfield code="b">WEB</subfield>
		<subfield code="c">GENI</subfield>
		<subfield code="t">0</subfield>
		<subfield code="m">Electronic access</subfield>
		<subfield code="s">01</subfield>
	</datafield>
	<datafield ind1=" " ind2=" " tag="999">
		<subfield code="i">LeBAU_b12615973</subfield>
		<subfield code="s">aub_aco000080:v.1</subfield>
		<subfield code="s">aub_aco000081:v.2</subfield>
		<subfield code="e">(ERROR-880)(ERROR-MISC)</subfield>
		<subfield code="s">aub_aco000080:v.1</subfield>
		<subfield code="s">aub_aco000081:v.2</subfield>
	</datafield>
</record>
